@article{ghosh2017webselect,
  title={WebSelect: A Research Prototype for Optimizing Ad Exposures based on Network Structure},
  author={Ghosh, Avijit and Gupta, Agam and Sharma, Divya and Sarkar, Uttam},
  journal={Workshop on Information Technology and Sciences (WITS)},
  year={2016},
  abbr={WITS},
  pdf={https://arxiv.org/pdf/1701.06711.pdf},
}

@article{dutt2018savitr,
  title={SAVITR: A System for Real-time Location Extraction from Microblogs during Emergencies},
  author={Dutt, Ritam and Hiware, Kaustubh and Ghosh, Avijit and Bhaskaran, Rameshwar},
  journal={WWW'18 Workshop on Exploitation of Social Media for Emergency Relief and Preparedness},
  year={2018},
  abbr={SMERP},
  pdf={https://dl.acm.org/doi/pdf/10.1145/3184558.3191623}
}


@article{ghosh2019analyzing,
  title={Analyzing Political Advertisers’ Use of Facebook’s Targeting Features},
  author={Ghosh, Avijit and Venkatadri, Giri and Mislove, Alan},
  journal={Workshop on Technology and Consumer Protection},
  year={2019},
  abbr={ConPro},
  pdf={https://www.ieee-security.org/TC/SPW2019/ConPro/papers/ghosh-conpro19.pdf}
}

@article{mullick2019public,
  title={Public sphere 2.0: Targeted commenting in online news media},
  author={Mullick, Ankan and Ghosh, Sayan and Dutt, Ritam and Ghosh, Avijit and Chakraborty, Abhijnan},
  journal={Advances in Information Retrieval: 41st European Conference on IR Research (ECIR)},
  pages={180--187},
  year={2019},
  organization={Springer International Publishing},
  abbr={ECIR},
  pdf={https://arxiv.org/pdf/1902.07946.pdf}
}

@article{ghosh2021fair,
  title={When Fair Ranking Meets Uncertain Inference},
  author={Ghosh, Avijit and Dutt, Ritam and Wilson, Christo},
  journal={Proceedings of the 44th international ACM SIGIR conference on research and development in information retrieval},
  pages={1033--1043},
  year={2021},
  selected={true},
  abbr={SIGIR},
  pdf={https://arxiv.org/pdf/2105.02091.pdf}
}

@article{wilson2021building,
  title={Building and auditing fair algorithms: A case study in candidate screening},
  author={Wilson, Christo and Ghosh, Avijit and Jiang, Shan and Mislove, Alan and Baker, Lewis and Szary, Janelle and Trindel, Kelly and Polli, Frida},
  journal={Proceedings of the ACM Conference on Fairness, Accountability, and Transparency},
  pages={666--677},
  year={2021},
  abbr={FAccT},
  pdf={https://dl.acm.org/doi/pdf/10.1145/3442188.3445928}
}

@article{ghosh2021characterizing,
  title={Characterizing Intersectional Group Fairness with Worst-Case Comparisons},
  author={Ghosh, Avijit and Genuit, Lea and Reagan, Mary},
  journal={Workshop on Diversity in Artificial Intelligence: Diversity, Belonging, Equity, and Inclusion (AIDBEI) at AAAI},
  year={2021},
  abbr={AIDBEI},
  pdf={https://proceedings.mlr.press/v142/ghosh21a/ghosh21a.pdf}
}

@article{ghosh2022can,
  title={Can There be Art Without an Artist?},
  author={Ghosh, Avijit and Fossas, Genoveva},
  journal={NeurIPS Workshop on Human Evaluation of Generative Models},
  year={2022},
  abbr={HEGM},
  pdf={https://arxiv.org/pdf/2209.07667.pdf}
}

@article{ghosh2022faircanary,
  title={Faircanary: Rapid continuous explainable fairness},
  author={Ghosh, Avijit and Shanbhag, Aalok and Wilson, Christo},
  journal={Proceedings of the AAAI/ACM Conference on AI, Ethics, and Society},
  pages={307--316},
  year={2022},
  abbr={AIES},
  selected={true},
  pdf = {https://arxiv.org/pdf/2106.07057.pdf}
}

@article{ghosh2021connectedness,
  title={Connectedness of Markets with Heterogeneous Agents and the Information Cascades},
  author={Ghosh, Avijit and Chourasiya, Aditya and Bansal, Lakshay and Chandra, Abhijeet},
  journal={Applied Advanced Analytics: 6th IIMA International Conference on Advanced Data Analysis, Business Analytics and Intelligence},
  pages={219--234},
  year={2021},
  organization={Springer Singapore},
  abbr = {AAA},
  pdf={https://link.springer.com/chapter/10.1007/978-981-33-6656-5_18}
}

@article{shanbhag2021unified,
  title={Unified shapley framework to explain prediction drift},
  author={Shanbhag, Aalok and Ghosh, Avijit and Rubin, Josh},
  journal={arXiv preprint arXiv:2102.07862},
  year={2021},
  pdf = {https://arxiv.org/pdf/2102.07862.pdf},
  abbr={Preprint}
}

@article{ghoshsupervised,
  title={Supervised extraction of catchphrases from legal documents},
  author={Ghosh, Avijit and Gupta, Prerit and Dutt, Ritam and Hiware, Kaustubh and Mandal, Arpan and Ghosh, Kripabandhu and Ghosh, Saptarshi}
}

@article{sapiezynski2022algorithms,
  title={Algorithms that "Don't See Color": Measuring Biases in Lookalike and Special Ad Audiences},
  author={Sapiezynski, Piotr and Ghosh, Avijit and Kaplan, Levi and Rieke, Aaron and Mislove, Alan},
  journal={Proceedings of the AAAI/ACM Conference on AI, Ethics, and Society},
  pages={609--616},
  year={2022},
  abbr={AIES},
  pdf={https://arxiv.org/pdf/1912.07579.pdf}
}

@article{ghosh2022subverting,
  title={Subverting Fair Image Search with Generative Adversarial Perturbations},
  author={Ghosh, Avijit and Jagielski, Matthew and Wilson, Christo},
  journal={ACM Conference on Fairness, Accountability, and Transparency},
  pages={637--650},
  year={2022},
  abbr={FAccT},
  selected={true},
  pdf={https://dl.acm.org/doi/pdf/10.1145/3531146.3533128}
}

@article{ghosh2023fairclass,
  title={When Fair Classification Meets Noisy Protected Attributes},
  author={Ghosh, Avijit and Kvitca, Pablo and Wilson, Christo},
  year={2023},
  abbr={AIES},
  journal={Proceedings of the AAAI/ACM Conference on AI, Ethics, and Society},
  selected={true},
  pdf={https://arxiv.org/pdf/2307.03306.pdf}
} 

@article{dennler2023bound,
  title={Bound by the Bounty: Collaboratively Shaping Evaluation Processes for Queer AI Harms},
  author={Organizers of QueerInAI and Dennler, Nathan and Ovalle, Anaelia and Singh, Ashwin and Soldaini, Luca and Subramonian, Arjun and Tu, Huy and Agnew, William and Ghosh, Avijit and Yee, Kyra and Font Peradejordi, Irene and Talat, Zeerak and Russo, Mayra and de Jesus de Pinho Pinhal, Jess},
  pdf={https://arxiv.org/pdf/2307.10223.pdf},
  year={2023},
  abbr={AIES},
  journal={Proceedings of the AAAI/ACM Conference on AI, Ethics, and Society},
  year={2023}
}

@article{ovalle2023queer,
  title={Queer In AI: A Case Study in Community-Led Participatory AI},
  author={Organizers Of QueerInAI and Ovalle, Anaelia and Subramonian, Arjun and Singh, Ashwin and Voelcker, Claas and Sutherland, Danica J. and Locatelli, Davide and Breznik, Eva and Klubička, Filip and Yuan, Hang and J, Hetvi and Zhang, Huan and Shriram, Jaidev and Lehman, Kruno and Soldaini, Luca and Sap, Maarten and Deisenroth, Marc Peter and Pacheco, Maria Leonor and Ryskina, Maria and Mundt, Martin and Agarwal, Milind and McLean, Nyx and Xu, Pan and Pranav, A and Korpan, Raj and Ray, Ruchira and Mathew, Sarah and Arora, Sarthak and John, ST and Anand, Tanvi and Agrawal, Vishakha and Agnew, William and Long, Yanan and Wang, Zijie J. and Talat, Zeerak and Ghosh, Avijit and Dennler, Nathaniel and Noseworthy, Michael and Jha, Sharvani and Baylor, Emi and Joshi, Aditya and Bilenko, Natalia Y. and McNamara, Andrew and Gontijo-Lopes, Raphael and Markham, Alex and Dˇong, Evyn and Kay, Jackie and Saraswat, Manu and Vytla, Nikhil and Stark, Luke},
  year={2023},
  abbr={FAccT},
  journal={ACM Conference on Fairness, Accountability, and Transparency},
  pdf={https://arxiv.org/pdf/2303.16972.pdf}
}

@article{solaiman2023evaluating,
  title={Evaluating the social impact of generative ai systems in systems and society},
  author={Solaiman, Irene and Talat, Zeerak and Agnew, William and Ahmad, Lama and Baker, Dylan and Blodgett, Su Lin and Chen, Canyu and Daumé III, Hal and Dodge, Jesse and Duan, Isabella and Evans, Ellie and Friedrich, Felix and Ghosh, Avijit and Gohar, Usman and Hooker, Sara and Jernite, Yacine and Kalluri, Ria and Lusoli, Alberto and Leidinger, Alina and Lin, Michelle and Lin, Xiuzhu and Luccioni, Sasha and Mickel, Jennifer and Mitchell, Margaret and Newman, Jessica and Ovalle, Anaelia and Png, Marie-Therese and Singh, Shubham and Strait, Andrew and Struppek, Lukas and Subramonian, Arjun},
  journal={arXiv preprint arXiv:2306.05949},
  year={2023},
  abbr={Book Chapter},
  pdf = {https://arxiv.org/pdf/2306.05949}

}

@article{ghosh2024reducing,
  title={Reducing Population-level Inequality Can Improve Demographic Group Fairness: a Twitter Case Study},
  author={Ghosh, Avijit and Lazovich, Tomo and Lum, Kristian and Wilson, Christo},
  year={2024},
  pdf = {https://arxiv.org/pdf/2409.08135},
  journal={Workshop on Responsible Recommendation - RecSys Workshop},
  abbr={FAccTRec}
}

@article{cattell2024coordinated,
  title={Coordinated Flaw Disclosure for AI: Beyond Security Vulnerabilities},
  author={Cattell, Sven and Ghosh, Avijit and Kaffee, Lucie-Aimée},
  abbr={AIES},
  journal={Proceedings of the AAAI/ACM Conference on AI, Ethics, and Society},
  year={2024},
  pdf={https://ojs.aaai.org/index.php/AIES/article/view/31635/33802}
}


@article{gleason2024perception,
  title={Perceptions in pixels: analyzing perceived gender and skin tone in real-world image search results},
  author={Gleason, Jeffrey and Ghosh, Avijit and Wilson, Christo},
  year={2024},
  abbr={WWW},
  journal={Proceedings of the International World Wide Web Conference},
  pdf={https://dl.acm.org/doi/pdf/10.1145/3589334.3645666}
} 

@article{mitchell2025fully,
  title={Fully Autonomous AI Agents Should Not be Developed},
  author={Mitchell, Margaret and Ghosh, Avijit and Luccioni, Alexandra Sasha and Pistilli, Giada},
  journal={arXiv preprint arXiv:2502.02649},
  year={2025},
  abbr={Preprint},
  pdf = {https://arxiv.org/pdf/2502.02649}
}

@article{blili2025stop,
  title={Stop treating 'AGI' as the north-star goal of AI research},
  author={Blili-Hamelin, Borhane and Graziul, Christopher and Hancox-Li, Leif and Hazan, Hananel and El-Mhamdi, El-Mahdi and Ghosh, Avijit and Heller, Katherine and Metcalf, Jacob and Murai, Fabricio and Salvaggio, Eryk and others},
  journal={arXiv preprint arXiv:2502.03689},
  abbr={Preprint},
  pdf={https://arxiv.org/pdf/2502.03689},
  year={2025}
}

@article{kierans2025quantifying,
  title={Quantifying Misalignment Between Agents: Towards a Sociotechnical
Understanding of Alignment},
  author={Kierans, Aidan and Ghosh, Avijit and Hazan, Hananel and Dori-Hacohen, Shiri},
  journal={Thirty-Ninth AAAI Conference on Artificial Intelligence},
  year={2025},
  pdf = {https://arxiv.org/pdf/2406.04231},
  abbr={AAAI}
}

@article{mcgregor2024err,
  title={To Err is AI: A Case Study Informing LLM Flaw Reporting Practices},
  author={McGregor, Sean and Ettinger, Allyson and Judd, Nick and Albee, Paul and Jiang, Liwei and Rao, Kavel and Smith, Will and Longpre, Shayne and Ghosh, Avijit and Fiorelli, Christopher and Hoang, Michelle and Cattell, Sven and Dziri, Nouha},
  journal={Thirty-Seventh Annual Conference on Innovative Applications of Artificial Intelligence - AAAI Workshop},
  pdf ={https://arxiv.org/pdf/2410.12104},
  year={2025},
  abbr={IAAI}
}
